@webpage{
	FTDI:VCP,
	author = {{Future Technology Devices International}},
	title  = {Virtual {COM} Port Drivers},
	url    = {http://www.ftdichip.com/Drivers/VCP.htm},
}

@webpage{
	DENX:U-Boot,
	author = {{DENX Software Engineering}},
	title  = {{Das U-Boot}: the Universal Boot Loader},
	url    = {http://www.denx.de/wiki/UBoot},
}

@webpage{
	FSF:GNUCoreutils,
	author = {{Free Software Foundation}},
	title  = {{GNU Coreutils}},
	url    = {http://www.gnu.org/software/coreutils/},
}

@webpage{
	FSF:GNUTar,
	author = {{Free Software Foundation}},
	title  = {{GNU Tar}},
	url    = {http://www.gnu.org/software/tar/},
}

@webpage{
	Gailly:gzip,
	author = {Jean-loup Gailly and Mark Adler},
	title  = {The {gzip} home page},
	url    = {http://www.gzip.org/},
}

@webpage{
	NCDT:GNUnano,
	author = {{Nano Core Development Team}},
	title  = {{GNU nano}},
	url    = {http://www.nano-editor.org/},
}

@webpage{
	Davis:JED,
	author = {John E. Davis},
	title  = {The {JED} Editor Home Page},
	url    = {http://www.jedsoft.org/jed/},
}

@webpage{
	Moolenaar:Vim,
	author = {Bram Moolenaar},
	title  = {{Vim} the editor},
	url    = {http://www.vim.org/},
}

@webpage{
	FSF:GCC,
	author = {{Free Software Foundation}},
	title  = {GCC, the {GNU} Compiler Collection},
	url    = {http://gcc.gnu.org/},
}

@webpage{
	Roth:AVRLibc,
	author = {Theodore A. Roth and JÃ¶rg Wunsch},
	title  = {{AVR} Libc Home Page},
	url    = {http://www.nongnu.org/avr-libc/},
}

@webpage{
	Andersen:uClibc,
	author = {Erik Andersen},
	title  = {uClibc},
	url    = {http://www.uclibc.org/},
}

@webpage{
	FSF:GNUMake,
	author = {{Free Software Foundation}},
	title  = {{GNU Make}},
	url    = {http://www.gnu.org/software/make/},
}

@webpage{
	Name:LinuxManPages,
	author = {{Name.net}},
	title  = {Linux Man Pages},
	url    = {http://www.linuxmanpages.com/},
}

@webpage{
	gumstix:wiki,
	author = {gumstix},
	title  = {Gumstix Support Wiki},
	url    = {http://docwiki.gumstix.org/},
}

@webpage{
	Gandhi:18-342,
	author = {Rajeev Gandhi},
	title  = {18--342 Fundamentals of Embedded Systems},
	url    = {http://www.cmu.edu/blackboard/},
}

@webpage{
	Grune:CVS,
	author = {{Dick Grune}},
	title  = {Concurrent Versions System},
	url    = {http://www.nongnu.org/cvs/},
}

@webpage{
	CollabNet:Subversion,
	author = {{CollabNet}},
	title  = {Subversion},
	url    = {http://subversion.tigris.org/},
}

@webpage{
	Mackall:Mercurial,
	author = {Matt Mackall},
	title  = {Mercurial},
	url    = {http://www.selenic.com/mercurial/},
}

@webpage{
	Torvalds:Git,
	author = {Linus Torvalds and Junio C. Hamano},
	title  = {{Git}: Fast Version Control System},
	url    = {http://git.or.cz/},
}

@webpage{
	Roundy:Darcs,
	author = {David Roundy},
	title  = {Darcs},
	url    = {http://darcs.net/},
}

@webpage{
	Sandler:SVNTutorial,
	author = {Dan Sandler},
	title  = {Source Control in ten minutes: a Subversion tutorial},
	url    = {http://www.owlnet.rice.edu/~comp314/svn.html},
}

@webpage{
	gumstix:Buildroot,
	author = {gumstix},
	title  = {Buildroot},
	url    = {http://docwiki.gumstix.org/Buildroot},
}

@webpage{
	RedBean:SVN,
	author = {Red Bean},
	title  = {High Speed Tutorial: Subversion},
	url    = {http://svnbook.red-bean.com/en/1.4/svn.intro.quickstart.html},
}
